@article{Brewer2012,
author = {Brewer, Jess H.},
doi = {10.1016/j.phpro.2012.04.027},
issn = {18753892},
journal = {Phys. Procedia},
pages = {2--6},
title = {{Problems and Opportunities: The Early History of $\mu$SR}},
url = {https://linkinghub.elsevier.com/retrieve/pii/S1875389212012138},
volume = {30},
year = {2012}
}

@misc{Whidden1994,
address = {Vancouver},
author = {Whidden, Ted and Arseneau, Donald and Daviel, Suzannah},
title = {{MUon Data access}},
url = {http://musr.ca/mud/},
year = {1994}
}

@article{Virtanen2020,
author = {Virtanen, Pauli and Gommers, Ralf and Oliphant, Travis E. and Haberland, Matt and Reddy, Tyler and Cournapeau, David and Burovski, Evgeni and Peterson, Pearu and Weckesser, Warren and Bright, Jonathan and van der Walt, Stefan J. St{\'{e}}fan J. and Brett, Matthew and Wilson, Joshua and Millman, K. Jarrod and Mayorov, Nikolay and Nelson, Andrew R. J. and Jones, Eric and Kern, Robert and Larson, Eric and Carey, C. J. and Polat, Ilhan Ilhan and Feng, Yu and Moore, Eric W. and VanderPlas, Jake and Laxalde, Denis and Perktold, Josef and Cimrman, Robert and Henriksen, Ian and Quintero, E. A. and Harris, Charles R. and Archibald, Anne M. and Ribeiro, Antonio H. Antonio H. and Pedregosa, Fabian and van Mulbregt, Paul},
doi = {10.1038/s41592-019-0686-2},
issn = {1548-7091},
journal = {Nat. Methods},
number = {3},
pages = {261--272},
title = {{SciPy 1.0: fundamental algorithms for scientific computing in Python}},
url = {http://www.nature.com/articles/s41592-019-0686-2},
volume = {17},
year = {2020}
}

@article{Brun1997,
author = {Brun, Rene and Rademakers, Fons},
doi = {10.1016/S0168-9002(97)00048-X},
issn = {0168-9002},
journal = {Nucl. Instrum. Methods Phys. Res. Sect. A},
number = {1-2},
pages = {81--86},
publisher = {North-Holland},
title = {{ROOT â€” An object oriented data analysis framework}},
url = {https://www.sciencedirect.com/science/article/pii/S016890029700048X},
volume = {389},
year = {1997}
}

@inproceedings{Saadaoui2018,
author = {Saadaoui, Hassan},
booktitle = {JPS Conf. Proc.},
doi = {10.7566/JPSCP.21.011049},
isbn = {4-89027-130-9},
publisher = {Journal of the Physical Society of Japan},
title = {{BnmrOffice: A Free Software for $\beta$-nmr Data Analysis}},
url = {http://journals.jps.jp/doi/10.7566/JPSCP.21.011049},
year = {2018}
}

@article{Suter2012,
author = {Suter, A. and Wojek, B.M.},
doi = {10.1016/j.phpro.2012.04.042},
issn = {18753892},
journal = {Phys. Procedia},
pages = {69--73},
title = {{Musrfit: A Free Platform-Independent Framework for $\mu$SR Data Analysis}},
url = {https://linkinghub.elsevier.com/retrieve/pii/S187538921201228X},
volume = {30},
year = {2012}
}

@article{Arnold2014,
author = {Arnold, O. and Bilheux, J. C. and Borreguero, J. M. and Buts, A. and Campbell, S. I. and Chapon, L. and Doucet, M. and Draper, N. and {Ferraz Leal}, R. and Gigg, M. A. and Lynch, V. E. and Markvardsen, A. and Mikkelson, D. J. and Mikkelson, R. L. and Miller, R. and Palmen, K. and Parker, P. and Passos, G. and Perring, T. G. and Peterson, P. F. and Ren, S. and Reuter, M. A. and Savici, A. T. and Taylor, J. W. and Taylor, R. J. and Tolchenov, R. and Zhou, W. and Zikovsky, J.},
doi = {10.1016/j.nima.2014.07.029},
issn = {01689002},
journal = {Nucl. Instrum. Methods Phys. Res. Sect. A},
pages = {156--166},
title = {{Mantid--Data analysis and visualization package for neutron scattering and $\mu$ SR experiments}},
url = {https://linkinghub.elsevier.com/retrieve/pii/S0168900214008729},
volume = {764},
year = {2014}
}

@article{Pratt2000,
author = {Pratt, F. L.},
doi = {10.1016/S0921-4526(00)00328-8},
issn = {09214526},
journal = {Phys. B Condens. Matter},
pages = {710--714},
title = {{WIMDA: a muon data analysis program for the Windows PC}},
url = {https://linkinghub.elsevier.com/retrieve/pii/S0921452600003288},
volume = {289-290},
year = {2000}
}

@article{MacFarlane2015,
author = {MacFarlane, W. A.},
doi = {10.1016/j.ssnmr.2015.02.004},
issn = {09262040},
journal = {Solid State Nucl. Magn. Reson.},
pages = {1--12},
pmid = {25863576},
title = {{Implanted-ion $\beta$NMR: A new probe for nanoscience}},
url = {https://linkinghub.elsevier.com/retrieve/pii/S0926204015000181},
volume = {68-69},
year = {2015}
}

@misc{Cook2014,
author = {Cook, J. D.},
url = {https://www.codeproject.com/Articles/31550/Fast-Numerical-Integration},
year = {2014},
note = {Retrieved 2019/11/11}
}
